@inproceedings{DesigningOpenIotSystem,
    Author = {C. Kamienski and R. Prati and J. Kleinschmidt and J.P. Soininen},
    Title = {Designing an Open IoT Ecosystem},
    Year = {2019},
    Address = {Belem, Brazil}
},

@article{IotEcosystemSurvey,
    journal = {International journal of wireless information networks},
    pages = {340--364},
    volume = {27},
    publisher = {Springer US},
    number = {3},
    year = {2020},
    title = {IoT Ecosystem: A Survey on Devices, Gateways, Operating Systems, Middleware and Communication},
    address = {New York},
    author = {Bansal, Sharu and Kumar, Dilip},
}

@article{SemerIotServer,
    journal = {Sensors (Basel, Switzerland)},
    pages = {6436},
    volume = {22},
    publisher = {MDPI AG},
    number = {17},
    year = {2022},
    title = {Design and Implementation of SEMAR IoT Server Platform with 
             Applications},
    language = {eng},
    address = {Basel},
    author = {Panduman, Yohanes Yohanie Fridelin and Funabiki, Nobuo and Puspitaningayu, Pradini and Kuribayashi, Minoru and Sukaridhoto, Sritrusta and Kao, Wen-Chung},
}

@article{MiddlewareIOTSurvey,
    title = {Middleware for the Internet of Things: A survey on requirements, enabling technologies, and solutions},
    journal = {Journal of Systems Architecture},
    volume = {117},
    pages = {102098},
    year = {2021},
    issn = {1383-7621},
    doi = {https://doi.org/10.1016/j.sysarc.2021.102098},
    url = {https://www.sciencedirect.com/science/article/pii/S1383762121000795},
    author = {Jingbin Zhang and Meng Ma and Ping Wang and Xiao-dong Sun},
}

@article{IoTArchitectures,
    issn = {2090-0147},
    journal = {Journal of electrical and computer engineering},
    pages = {1--25},
    volume = {2017},
    publisher = {Hindawi},
    year = {2017},
    title = {Internet of Things: Architectures, Protocols, and Applications},
    language = {eng},
    address = {New York},
    author = {Sethi, Pallavi and Sarangi, Smruti R.},
}

